% Encoding: UTF-8

@inproceedings{Silva2019,
    author = {Silva, Wellington de Souza and
    Jasbkick, Daniel .L, Erthal, Rodrigo and
    Azevedo-Marques, Paulo Mazzoncini and
    Traina, Agma Juci Machado and
    Santos, Lucio Fernandes Dutra and 
    Santos, Ana E.J. and
    Oliveira, Daniel and
    Bedo, Marcos Vinicius Naves},
    booktitle = {{International Symposium on Computer-Based Medical Systems}},
    keywords = {Computer-Aided Diagnosis,Dermatological Ulcers,Feature Selection,Image Classification},
    month = {jun},
    pages = {1--6},
    volume = {1},
    publisher = {IEEE},
    title = {{A Two-Phase Learning Approach for the Segmentation of Dermatological Wound}},
    year = {2019}
}