@incollection{Maity2018,
  title={Assessment of Segmentation Techniques for Chronic Wound Surface Area Detection},
  author={Maity, M. and Dhane, D. and Bar, C. and Chakraborty, C. and Chatterjee, J.},
  booktitle={Advanced Computational and Communication Paradigms},
  pages={707--716},
  year={2018},
  publisher={Springer}
}

@article{Dhane2017,
  title={Fuzzy spectral clustering for automated delineation of chronic wound region using digital images},
  author={Dhane, D. and Maity, M. and Mungle, T. and Bar, C. and Achar, A. and Kolekar, M. and Chakraborty, C.},
  journal={{Computers in Biology and Medicine}},
  volume={89},
  pages={551--560},
  year={2017},
  publisher={Elsevier}
}

@book{Aggarwal2015,
  title={{Data mining: The Textbook}},
  author={Aggarwal, C. C.},
  year={2015},
  publisher={Springer}
}


@incollection{Jolliffe2011,
  title={{Principal Component Analysis}},
  author={Jolliffe, I.},
  booktitle={{International Encyclopedia of Statistical Science}},
  pages={1--408},
  year={2011},
  publisher={Springer}
}

@incollection{Aggarwal2018,
  title={{Training Deep Neural Networks}},
  author={Aggarwal, C. C.},
  booktitle={Neural Networks and Deep Learning},
  pages={105--167},
  year={2018},
  publisher={Springer}
}

@article{Kriegel2017,
  title={{DBSCAN revisited, revisited: why and how you should (still) use DBSCAN}},
  author={Schubert, E. and Sander, J. and Ester, M. and Kriegel, H. P. and Xu, X.},
  journal={ACM Transactions on Database Systems},
  volume={42},
  number={3},
  pages={19},
  year={2017},
  publisher={ACM}
}



@article{Bates2016,
  title={Data and doing: using wound size to evaluate wound care in venous ulcers},
  author={Bates-Jensen, B. and Bohn, G. A.},
  journal={{Advances in Skin \& Wound Care}},
  volume={29},
  number={8},
  pages={347--348},
  year={2016},
  publisher={LWW}
}

@inproceedings{Godeiro2018,
  title={Chronic wound tissue classification using convolutional networks and color space reduction},
  author={Godeiro, V. and Neto, J. S. and Carvalho, B. and Santana, B. and Ferraz, J. and Gama, R.},
  booktitle={International Workshop on Machine Learning for Signal Processing},
  pages={1--6},
  year={2018},
  organization={IEEE}
}


@article{Pereyra2014,
  title={{Classification of color images of dermatological ulcers}},
  author={Pereira, S. M. and Frade, M. A. C. and Rangayyan, R. M. and Azevedo-Marques, P. M.},
  journal={Journal of Biomedicine and Health},
  volume={17},
  number={1},
  pages={136--142},
  year={2013},
  publisher={IEEE}
}

@article{Zahia2018,
  title={Tissue classification and segmentation of pressure injuries using convolutional neural networks},
  author={Zahia, S. and Sierra-Sosa, D. and Garcia-Zapirain, B. and Elmaghraby, A.},
  journal={Computer Methods And Programs In Biomedicine},
  volume={159},
  pages={51--58},
  year={2018},
  publisher={Elsevier}
}

@incollection{Hetland2009,
  title={The basic principles of metric indexing},
  author={Hetland, M. L.},
  booktitle={Swarm intelligence for multi-objective problems in data mining},
  pages={199--232},
  year={2009},
  publisher={Springer}
}

@inproceedings{Barbieri2015,
  title={Vertebral body segmentation of spine MR images using superpixels},
  author={Barbieri, P. D. and Pedrosa, G. V. and Traina, A. J. M. and Nogueira-Barbosa, M. H.},
  booktitle={International Symposium on Computer-Based Medical Systems},
  year={2015},
  organization={IEEE}
}



@inproceedings{Kavitha2017,
  title={{Analysis of Chronic Wound Images Using Factorization Based Segmentation and Machine Learning Methods}},
  author={Kavitha, I. and Suganthi, S. and Ramakrishnan, S.},
  booktitle={ACM International Conference on Computational Biology and Bioinformatics},
  pages={74--78},
  year={2017},
  organization={ACM}
}

@article{Veredas2010,
  title={Binary tissue classification on wound images with neural networks and bayesian classifiers},
  author={Veredas, F. and Mesa, H. and Morente, L.},
  journal={Transactions on Medical Imaging},
  volume={29},
  number={2},
  pages={410--427},
  year={2010},
  publisher={IEEE}
}


@article{Goyal2018,
  title={{Dfunet: Convolutional neural networks for diabetic foot ulcer classification}},
  author={Goyal, M. and Reeves, N. D. and Davison, A. K. and Rajbhandari, S. and Spragg, J. and Yap, M. H.},
  journal={Transactions on Emerging Topics in Computational Intelligence},
  year={2018},
  pages= {1--12},
  publisher={IEEE}
}


@article{Todd2018,
  title={Assessment and management of older people with venous leg ulcers},
  author={Todd, M.},
  journal={{Nursing Older People}},
  volume={30},
  number={4},
  year={2018},
  publisher={RCN}
}

@inproceedings{Deserno2018,
  title={Machine learning for mobile wound assessment},
  author={Kamath, S. and Sirazitdinova, E. and Deserno, T. M.},
  booktitle={Medical Imaging},
  volume={1},
  pages={1--8},
  year={2018},
  organization={International Society for Optics and Photonics}
}





@article{Gillies2015,
  title={{Radiomics: images are more than pictures, they are data}},
  author={Gillies, R. J. and Kinahan, P. E. and Hricak, H.},
  journal={Radiology},
  volume={278},
  number={2},
  pages={563--577},
  year={2015},
  publisher={Radiological Society of North America}
}


@inproceedings{Blanco2016,
  title={{A Label-Scaled Similarity Measure for Content-Based Image Retrieval}},
  author={Blanco, G. and Bedo, M. V. N. and Cazzolato, M. T. and Santos, L. F. D. and Jorge, A. E. S. and Traina{ }Jr., C. and Azevedo-Marques, P. M. and Traina, A. J. M.},
  booktitle={International Symposium on Multimedia},
  pages={20--25},
  year={2016},
  organization={IEEE}
}

@article{Mukherjee2014,
  title={Automated tissue classification framework for reproducible chronic wound assessment},
  author={Mukherjee, R. and Manohar, D. and Das, D. K. and Achar, A. and Mitra, A. and Chakraborty, C.},
  journal={BioMed Research},
  year={2014},
  publisher={Hindawi}
}

@book{Sonka2014,
  title={Image processing, analysis, and machine vision},
  author={Sonka, M. and Hlavac, V. and Boyle, R.},
  year={2014},
  publisher={Cengage Learning}
}

@article{Achanta2012,
  title={{SLIC superpixels compared to state-of-the-art superpixel methods}},
  author={Achanta, R. and Shaji, A. and Smith, K. and Lucchi, A. and Fua, P. and S{\"u}sstrunk, S.},
  journal={Transactions on Pattern Analysis and Machine Intelligence},
  volume={34},
  number={11},
  pages={2274--2282},
  year={2012},
  publisher={IEEE}
}

@inproceedings{Chino2018,
  title={{ICARUS: Retrieving Skin Ulcer Images through Bag-of-Signatures}},
  author={Chino, D. Y. T. and Scabora, L. C. and Cazzolato, M. T. and Jorge, A. E. S. and Traina{ }Jr., Caetano and Traina, A. J. M.},
  booktitle={International Symposium on Computer-Based Medical Systems},
  pages={82--87},
  year={2018},
  organization={IEEE}
}

