% Encoding: UTF-8

@article{Abbade2005,
  author  = {Abbade, Luciana P. Fernandes and Lastoria, Sidnei},
  doi     = {10.1111/j.1365-4632.2004.02456.x},
  isbn    = {0011-9059},
  journal = {{International Journal of Dermatology}},
  month   = {jun},
  number  = {6},
  pages   = {449--456},
  title   = {{Venous ulcer: epidemiology, physiopathology, diagnosis and treatment.}},
  volume  = {44},
  year    = {2005},
  url     = {https://onlinelibrary.wiley.com/doi/abs/10.1111/j.1365-4632.2004.02456.x}
}


@article{Achanta2012,
  author   = {Achanta, Radhakrishna and Shaji, Appu and Smith, Kevin and Lucchi, Aurelien and Fua, Pascal and S{\"{u}}sstrunk, Sabine},
  doi      = {10.1109/TPAMI.2012.120},
  isbn     = {0162-8828},
  journal  = {{IEEE Transactions on Pattern Analysis and Machine Intelligence}},
  keywords = {Superpixels,clustering,k-means,segmentation},
  month    = {nov},
  number   = {11},
  pages    = {2274--2281},
  title    = {{SLIC superpixels compared to state-of-the-art superpixel methods}},
  volume   = {34},
  url      = {http://ieeexplore.ieee.org/document/6205760/},
  year     = {2012}
}


@book{Aggarwal2015,
  title     = {{Data mining: The Textbook}},
  doi       = {10.1007/978-3-319-14142-8},
  author    = {Aggarwal, Charu C.},
  year      = {2015},
  isbn      = {978-3-319-14142-8},
  url       = {https://rd.springer.com/book/10.1007/978-3-319-14142-8},
  publisher = {Springer}
}


@article{Ahmed1974,
  title     = {Discrete cosine transform},
  author    = {Ahmed, Nasir and Natarajan, T\_ and Rao, Kamisetty R},
  journal   = {{Transactions on Computers}},
  volume    = {100},
  number    = {1},
  pages     = {90--93},
  year      = {1974},
  url       = {https://ieeexplore.ieee.org/abstract/document/1672377},
  publisher = {IEEE}
}


@inproceedings{Bedo2015a,
  author    = {Bedo, Marcos Vinicius Naves and Santos, Lucio Fernandes Dutra and Oliveira, Willian Dener and Blanco, Gustavo and Traina, Agma Juci Machado and Frade, Marco Antonio and Azevedo-Marques, Paulo Mazzoncini and Junior, Caetano Traina{ }Jr.},
  booktitle = {{International Symposium on Computer-Based Medical Systems}},
  doi       = {10.1109/CBMS.2015.33},
  isbn      = {978-1-4673-6775-2},
  keywords  = {Computer-Aided Diagnosis,Dermatological Ulcers,Feature Selection,Image Classification},
  month     = {jun},
  pages     = {109--114},
  publisher = {IEEE},
  title     = {{Color and Texture Influence on Computer-Aided Diagnosis of Dermatological Ulcers}},
  url       = {http://ieeexplore.ieee.org/document/7167468/},
  year      = {2015}
}


@inproceedings{Blanco2016,
  author    = {Blanco, Gustavo and Bedo, Marcos V. N. and Cazzolato, Mirela T. and Santos, Lucio F. D. and Jorge, Ana Elisa Serafim and Traina, Caetano and Azevedo-Marques, Paulo M. and Traina, Agma J. M.},
  booktitle = {{International Symposium on Multimedia}},
  doi       = {10.1109/ISM.2016.0014},
  isbn      = {978-1-5090-4571-6},
  month     = {dec},
  pages     = {20--25},
  publisher = {IEEE},
  title     = {{A Label-Scaled Similarity Measure for Content-Based Image Retrieval}},
  url       = {http://ieeexplore.ieee.org/document/7823581/},
  year      = {2016}
}


@book{Bonaccorso2018,
  title     = {{Machine Learning Algorithms, Popular algorithms for data science and machine learning, 2nd Edition}},
  author    = {Bonaccorso, Giuseppe},
  isbn      = {9781789347999},
  year      = {2018},
  month     = {aug},
  url       = {https://subscription.packtpub.com/book/big_data_and_business_intelligence/9781789347999},
  publisher = {Packt Publishing Ltd}
}


@techreport{Boutell1997,
  author    = {Boutell, T.},
  title     = {PNG (Portable Network Graphics) Specification Version 1.0},
  year      = {1997},
  doi       = {10.17487/RFC2083},
  publisher = {RFC Editor},
  url       = {https://www.rfc-editor.org/info/rfc2083}
}


@article{Bradley1997,
  author   = {Bradley, Andrew P.},
  doi      = {10.1016/S0031-3203(96)00142-2},
  isbn     = {0031-3203},
  journal  = {{Pattern Recognition}},
  keywords = {Accuracy measures,Cross-validation,Standard error,The ROC curve,The area under the ROC curve (AUC),Wilcoxon statistic},
  title    = {{The use of the area under the ROC curve in the evaluation of machine learning algorithms}},
  url      = {https://www.sciencedirect.com/science/article/abs/pii/S0031320396001422},
  year     = {1997}
}


@article{Chang1996,
  author    = {Chang, Young-Chang and Reid, J. F.},
  doi       = {10.1109/83.536890},
  journal   = {{Transactions on Image Processing}},
  volume    = {5},
  number    = {10},
  pages     = {1414--1422},
  title     = {{RGB calibration for color image analysis in machine vision}},
  publisher = {IEEE},
  month     = {Oct},
  url       = {http://ieeexplore.ieee.org/document/536890/},
  year      = {1996}
}


@inproceedings{Chino2018,
  author    = {Chino, Daniel Yoshinobu Takada and Scabora, Lucas Carvalho and Cazzolato, Mirela Teixeira and Jorge, Ana Elisa Serafim and Traina{ }Jr., Caetano and Traina, Agma Juci Machado},
  booktitle = {{International Symposium on Computer-Based Medical Systems}},
  doi       = {10.1109/CBMS.2018.00022},
  isbn      = {978-1-5386-6060-7},
  month     = {jun},
  pages     = {82--87},
  publisher = {IEEE},
  title     = {{ICARUS: Retrieving Skin Ulcer Images through Bag-of-Signatures}},
  url       = {https://ieeexplore.ieee.org/document/8417217/},
  year      = {2018}
}


@book{Congalton2008,
  title     = {Assessing the accuracy of remotely sensed data: principles and practices, 3rd Edition},
  author    = {Congalton, Russell G and Green, Kass},
  year      = {2019},
  month     = {jan},
  isbn      = {978-1498776660},
  url       = {crcpress.com/Assessing-the-Accuracy-of-Remotely-Sensed-Data-Principles-and-Practices/Congalton-Green/p/book/9781498776660},
  publisher = {CRC Press}
}


@article{Connolly1997,
  title     = {A study of efficiency and accuracy in the transformation from RGB to CIELAB color space},
  author    = {Connolly, Christine and Fleiss, T},
  journal   = {{IEEE Transactions on Image Processing}},
  volume    = {6},
  number    = {7},
  pages     = {1046--1048},
  year      = {1997},
  url       = {https://ieeexplore.ieee.org/abstract/document/597279},
  publisher = {IEEE}
}


@article{Cornwall1986,
  author   = {Cornwall, Julia V. and Dor{\'{e}}, Caroline J. and Lewis, J. D.},
  doi      = {10.1002/bjs.1800730905},
  isbn     = {0007-1323 (Print)$\backslash$r0007-1323 (Linking)},
  journal  = {{The British Journal of Surgery}},
  keywords = {Leg ulcers,varicose veins,vascular disease},
  month    = {sep},
  number   = {9},
  pages    = {693--696},
  title    = {{Leg ulcers: epidemiology and aetiology.}},
  volume   = {73},
  url      = {http://doi.wiley.com/10.1002/bjs.1800730905 http://www.ncbi.nlm.nih.gov/pubmed/3756430},
  year     = {1986}
}


@article{Cortez2002,
  title     = {A Lamarckian approach for neural network training},
  author    = {Cortez, Paulo and Rocha, Miguel and Neves, Jos{\'e}},
  journal   = {{Neural Processing Letters}},
  volume    = {15},
  number    = {2},
  pages     = {105--116},
  year      = {2002},
  url       = {https://link.springer.com/article/10.1023/A:1015259001150},
  publisher = {Springer}
}


@book{Domingos2015,
  author    = {Domingos, Pedro},
  title     = {The Master Algorithm: How the Quest for the Ultimate Learning Machine Will Remake Our World},
  year      = {2015},
  isbn      = {9780465061921},
  publisher = {Basic Books, Inc.},
  url       = {https://www.basicbooks.com/titles/pedro-domingos/the-master-algorithm/9780465061921/}
} 


@inproceedings{Dorileo2008,
  author    = {Dorileo, Ederson. A. G. and Frade, Marco A. C. and Roselino, Ana M. F. and Rangayyan, Rangaraj M. and Azevedo-Marques, Paulo M.},
  booktitle = {{International Conference of the IEEE Engineering in Medicine and Biology Society}},
  doi       = {10.1109/IEMBS.2008.4649385},
  isbn      = {978-1-4244-1814-5},
  month     = {aug},
  pages     = {1230--1233},
  publisher = {IEEE},
  title     = {{Color image processing and content-based image retrieval techniques for the analysis of dermatological lesions}},
  url       = {http://www.ncbi.nlm.nih.gov/pubmed/19162888 http://ieeexplore.ieee.org/document/4649385/},
  year      = {2008}
}


@inproceedings{Dorileo2010,
  author    = {Dorileo, Ederson. A. G. and Frade, Marco A. C. and Rangayyan, Rangaraj M. and Azevedo-Marques, Paulo M.},
  booktitle = {23rd Canadian Conference on Electrical and Computer Engineering},
  doi       = {10.1109/CCECE.2010.5575143},
  isbn      = {978-1-4244-5376-4},
  keywords  = {Leg ulcers,Segmentation,[Color image processing},
  month     = {may},
  pages     = {1--4},
  publisher = {IEEE},
  title     = {{Segmentation and analysis of the tissue composition of dermatological ulcers}},
  url       = {http://ieeexplore.ieee.org/document/5575143/},
  year      = {2010}
}


@inproceedings{Ester1996,
  title     = {A density-based algorithm for discovering clusters in large spatial databases with noise.},
  author    = {Ester, Martin and Kriegel, Hans-Peter and Sander, J{\"o}rg and Xu, Xiaowei and others},
  booktitle = {{Conference on Knowledge Discovery and Data Mining}},
  volume    = {96},
  number    = {34},
  pages     = {226--231},
  url       = {https://www.aaai.org/Papers/KDD/1996/KDD96-037.pdf},
  year      = {1996}
}


@article{Esteva2017,
  author    = {Esteva, Andre and Kuprel, Brett and Novoa, Roberto A. and Ko, Justin and Swetter, Susan M. and Blau, Helen M. and Thrun, Sebastian},
  doi       = {10.1038/nature21056},
  isbn      = {0028-0836},
  journal   = {Nature},
  month     = {Feb},
  number    = {7639},
  volume    = {542},
  pages     = {115--118},
  publisher = {Springer Nature},
  title     = {{Dermatologist-level classification of skin cancer with deep neural networks.}},
  url       = {http://www.nature.com/articles/nature21056},
  year      = {2017}
}


@incollection{Faceli2008,
  title     = {Cluster ensemble and multi-objective clustering methods},
  author    = {Faceli, Katti and de Carvalho, Andre CPLF and de Souto, Marcilio CP},
  booktitle = {{Pattern Recognition Technologies and Applications: Recent Advances}},
  doi       = {10.4018/978-1-59904-807-9.ch015},
  pages     = {325--343},
  year      = {2008},
  url       = {https://www.igi-global.com/chapter/cluster-ensemble-multi-objective-clustering/28037},
  publisher = {IGI Global}
}


@article{Felzenszwalb2004,
  author    = {Felzenszwalb, Pedro F. and Huttenlocher, Daniel P.},
  doi       = {10.1023/B:VISI.0000022288.19776.77},
  journal   = {International Journal of Computer Vision},
  keywords  = {Clustering,Graph algorithm,Image segmentation,Perceptual organization},
  month     = {Sep},
  number    = {2},
  pages     = {167--181},
  volume    = {59},
  title     = {{Efficient Graph-Based Image Segmentation}},
  publisher = {Springer},
  url       = {https://link.springer.com/article/10.1023/B:VISI.0000022288.19776.77},
  year      = {2004}
}


@article{Gil2002,
  title     = {Efficient dilation, erosion, opening, and closing algorithms},
  author    = {Gil, Joseph Yossi and Kimmel, Ron},
  journal   = {{Transactions on Pattern Analysis and Machine Intelligence}},
  volume    = {24},
  number    = {12},
  pages     = {1606--1617},
  year      = {2002},
  url       = {https://ieeexplore.ieee.org/abstract/document/1114852},
  publisher = {IEEE}
}


@inproceedings{Godeiro2018,
  title     = {Chronic wound tissue classification using convolutional networks and color space reduction},
  author    = {Godeiro, V. and Neto, J. S. and Carvalho, B. and Santana, B. and Ferraz, J. and Gama, R.},
  booktitle = {{28th International Workshop on Machine Learning for Signal Processing}},
  doi       = {10.1109/MLSP.2018.8517026},
  pages     = {1--6},
  year      = {2018},
  ulr       = {https://ieeexplore.ieee.org/abstract/document/8517026},
  publisher = {IEEE}
}


@book{Gonzalez2008,
  author  = {Gonzalez, Rafael C and Woods, Richard E},
  edition = {Prentice Hall},
  isbn    = {9780131687288},
  title   = {{Digital Image Processing, 3rd Edition}},
  url     = {http://www.imageprocessingplace.com/DIP-3E/dip3e_main_page.htm},
  year    = {2008}
}


@incollection{hastie2009,
  title     = {Unsupervised learning},
  author    = {Hastie, Trevor and Tibshirani, Robert and Friedman, Jerome},
  booktitle = {The Elements of Statistical Learning},
  year      = {2009},
  doi       = {https://doi.org/10.1007/978-0-387-84858-7_14},
  isbn      = {978-0-387-84858-7},
  url       = {https://link.springer.com/chapter/10.1007%2F978-0-387-84858-7_14},
  publisher = {Springer}
}


@article{Hecht1988,
  title     = {Applications of counterpropagation networks},
  author    = {Hecht-Nielsen, Robert},
  journal   = {{Neural Networks}},
  doi       = {https://doi.org/10.1016/0893-6080(88)90015-9},
  volume    = {1},
  number    = {2},
  pages     = {131--139},
  year      = {1988},
  url       = {https://www.sciencedirect.com/science/article/pii/0893608088900159},
  publisher = {Elsevier}
}


@incollection{Hetland2009,
  title     = {The basic principles of metric indexing},
  author    = {Hetland, M. L.},
  booktitle = {Swarm intelligence for multi-objective problems in data mining},
  pages     = {199--232},
  doi       = {https://doi.org/10.1007/978-3-642-03625-5_9},
  isbn      = {978-3-642-03625-5},
  publisher = {Springer},
  url       = {https://link.springer.com/chapter/10.1007/978-3-642-03625-5_9},
  year      = {2009}
}


@article{Jain1988,
  title     = {Algorithms for clustering data},
  author    = {Jain, Anil K and Dubes, Richard C},
  year      = {1988},
  isbn      = {0-13-022278-X},
  url       = {http://homepages.inf.ed.ac.uk/rbf/BOOKS/JAIN/Clustering_Jain_Dubes.pdf},
  publisher = {Englewood Cliffs: Prentice hall.}
}


@article{Jain1996,
  title     = {Artificial neural networks: A tutorial},
  author    = {Jain, Anil K and Mao, Jianchang and Mohiuddin, K Moidin},
  journal   = {Computers},
  doi       = {10.1109/2.485891},
  volume    = {29},
  number    = {3},
  pages     = {31--44},
  year      = {1996},
  url       = {https://www.computer.org/csdl/magazine/co/1996/03/r3031/13rRUwInvNt},
  publisher = {IEEE}
}


@article{JianboShi2000,
  author    = {Shi, Jianbo and Malik, Jitendra},
  doi       = {10.1109/34.868688},
  url       = {http://dx.doi.org/10.1109/34.868688},
  journal   = {Transactions on Pattern Analysis and Machine Intelligence},
  title     = {{Normalized cuts and image segmentation}},
  number    = {8},
  pages     = {888--905},
  volume    = {22},
  year      = {2000},
  publisher = {IEEE}
}


@article{johnson2003,
  title     = {A top down description of S-CIELAB and CIEDE2000},
  author    = {Johnson, Garrett M and Fairchild, Mark D},
  journal   = {{Color Research \& Application}},
  doi       = {https://doi.org/10.1002/col.10195},
  volume    = {28},
  number    = {6},
  pages     = {425--435},
  year      = {2003},
  publisher = {Wiley Online Library},
  url       = {https://onlinelibrary.wiley.com/doi/abs/10.1002/col.10195}
}


@incollection{Jolliffe2011,
  title     = {{Principal Component Analysis}},
  author    = {Jolliffe, Ian},
  booktitle = {{International Encyclopedia of Statistical Science}},
  pages     = {1094--1096},
  year      = {2011},
  isbn      = {978-3-642-04898-2},
  doi       = {10.1007/978-3-642-04898-2_455},
  url       = {https://link.springer.com/referenceworkentry/10.1007%2F978-3-642-04898-2_455},
  publisher = {Springer}
}


@article{Jones2013,
  author   = {Jones, June E and Nelson, E Andrea and Al-Hity, Aws},
  doi      = {10.1002/14651858.CD001737.pub4},
  journal  = {{Cochrane Database of Systematic Reviews}},
  keywords = {Adult,Autologous,Humans,Leg Ulcer,Leg Ulcer: surgery,Occlusive Dressings,Randomized Controlled Trials as Topic,Skin Transplantation,Transplantation},
  title    = {{Skin grafting for venous leg ulcers}},
  url      = {http://doi.wiley.com/10.1002/14651858.CD001737.pub4 http://www.ncbi.nlm.nih.gov/pubmed/23440784},
  year     = {2013}
}


@article{Kapur1985,
  author  = {Kapur, J.N. and Sahoo, P.K. and Wong, A.K.C.},
  doi     = {10.1016/0734-189X(85)90125-2},
  isbn    = {0734-189X},
  journal = {{Computer Vision, Graphics, and Image Processing}},
  month   = {mar},
  number  = {3},
  pages   = {273--285},
  title   = {{A new method for gray-level picture thresholding using the entropy of the histogram}},
  volume  = {29},
  url     = {http://linkinghub.elsevier.com/retrieve/pii/0734189X85901252},
  year    = {1985}
} 


@inproceedings{Kavitha2017,
  author    = {Kavitha, I. and Suganthi, S. S. and Ramakrishnan, S.},
  title     = {{Analysis of Chronic Wound Images Using Factorization Based Segmentation and Machine Learning Methods}},
  booktitle = {{International Conference on Computational Biology and Bioinformatics}},
  year      = {2017},
  isbn      = {978-1-4503-5322-9},
  doi       = {10.1145/3155077.3155092},
  pages     = {74--78},
  numpages  = {5},
  publisher = {ACM},
  url       = {https://dl.acm.org/citation.cfm?id=3155092}
}


@article{Kwok1997,
  title     = {Constructive algorithms for structure learning in feedforward neural networks for regression problems},
  author    = {Kwok, Tin-Yau and Yeung, Dit-Yan},
  journal   = {{Transactions on Neural Networks}},
  volume    = {8},
  number    = {3},
  pages     = {630--645},
  doi       = {10.1109/72.572102},
  month     = {May},
  year      = {1997},
  url       = {https://ieeexplore.ieee.org/abstract/document/572102},
  publisher = {IEEE}
}


@inproceedings{Levinshtein2009,
  author    = {Levinshtein, Alex and Stere, Adrian and Kutulakos, Kiriakos N. and Fleet, David J. and Dickinson, Sven J. and Siddiqi, Kaleem},
  booktitle = {Transactions on Pattern Analysis and Machine Intelligence},
  doi       = {10.1109/TPAMI.2009.96},
  keywords  = {Image labeling,Image segmentation,Perceptual grouping,Superpixels},
  title     = {{TurboPixels: Fast superpixels using geometric flows}},
  url       = {https://ieeexplore.ieee.org/abstract/document/4912213},
  volume    = {31},
  number    = {12},
  pages     = {2290-2297},
  year      = {2009},
  publisher = {IEEE}
}


@article{Lippmann1987,
  title     = {An introduction to computing with neural nets},
  author    = {Lippmann, Richard},
  journal   = {{American Society of Safety Professionals Magazine}},
  doi       = {10.1109/MASSP.1987.1165576},
  volume    = {4},
  number    = {2},
  pages     = {4--22},
  year      = {1987},
  month     = {Apr},
  url       = {https://ieeexplore.ieee.org/document/1165576},
  publisher = {IEEE}
}


@article{Lloyd1982,
  author    = {Lloyd, S.},
  doi       = {10.1109/TIT.1982.1056489},
  journal   = {Transactions on Information Theory},
  month     = {Mar},
  number    = {2},
  pages     = {129--137},
  title     = {{Least squares quantization in PCM}},
  volume    = {28},
  year      = {1982},
  url       = {https://evasion.imag.fr/Membres/Franck.Hetroy/Teaching/ProjetsImage/2007/Bib/lloyd-1982.pdf},
  publisher = {IEEE}
}


@article{Maglogiannis2005,
  author          = {Maglogiannis, Ilias and Pavlopoulos, Sotiris and Koutsouris, Dimitrios},
  doi             = {10.1109/TITB.2004.837859},
  journal         = {{IEEE Transactions on Information Technology in Biomedicine}},
  mendeley-groups = {TCC{\_}Ulcer},
  month           = {mar},
  number          = {1},
  pages           = {86--98},
  title           = {{An Integrated Computer Supported Acquisition, Handling, and Characterization System for Pigmented Skin Lesions in Dermatological Images}},
  volume          = {9},
  url             = {http://ieeexplore.ieee.org/document/1402451/},
  year            = {2005}
}


@book{maglogiannis2007,
  title     = {Emerging artificial intelligence applications in computer engineering},
  author    = {Maglogiannis, Ilias G},
  isbn      = {978-1-60750-270-8},
  volume    = {160},
  year      = {2007},
  month     = {Oct},
  url       = {https://www.iospress.nl/book/emerging-artificial-intelligence-applications-in-computer-engineering/},
  publisher = {Ios Press}
}


@article{mccamy1976,
  title   = {A color-rendition chart},
  author  = {McCamy, Calvin S and Marcus, Harold and Davidson, JG and others},
  journal = {{Journal of Applied Photograph Engineering}},
  volume  = {2},
  number  = {3},
  pages   = {95--99},
  url     = {https://publiclab.org/system/images/photos/000/004/361/original/mccamy1976.pdf},
  year    = {1976}
}


@article{Mcculloch1943,
  title     = {A logical calculus of the ideas immanent in nervous activity},
  author    = {McCulloch, Warren S and Pitts, Walter},
  journal   = {{The Bulletin of Mathematical Biophysics}},
  volume    = {5},
  number    = {4},
  pages     = {115--133},
  year      = {1943},
  url       = {https://link.springer.com/article/10.1007/BF02478259},
  publisher = {Springer}
}


@article{Mukherjee2014,
  title     = {Automated tissue classification framework for reproducible chronic wound assessment},
  author    = {Mukherjee, Rashmi and Manohar, Dhiraj Dhane and Das, Dev Kumar and Achar, Arun and Mitra, Analava and Chakraborty, Chandan},
  journal   = {BioMed Research International},
  year      = {2014},
  doi       = {http://dx.doi.org/10.1155/2014/851582},
  volume    = {2014},
  pages     = {1-9},
  url       = {https://www.hindawi.com/journals/bmri/2014/851582/},
  publisher = {Hindawi}
}


@article{Mumtaz2010,
  title     = {Evaluation of the Clustering Characteristics of DBSCAN SOM and k-Means Algorithms},
  author    = {Mumtaz, K and Duraiswamy, K},
  journal   = {{International Journal of Computational Intelligence Research}},
  volume    = {6},
  number    = {4},
  pages     = {505--514},
  year      = {2010},
  url       = {https://go.galegroup.com/ps/anonymous?id=GALE%7CA323349393&sid=googleScholar&v=2.1&it=r&linkaccess=abs&issn=09731873&p=AONE&sw=w},
  publisher = {Research India Publications}
}

@inproceedings{Nejati2018,
  title        = {Fine-grained wound tissue analysis using deep neural network},
  author       = {Nejati, Hossein and Ghazijahani, Hamed Alizadeh and Abdollahzadeh, Milad and Malekzadeh, Tooba and Cheung, N-M and Lee, K-H and Low, L-L},
  booktitle    = {International Conference on Acoustics, Speech and Signal Processing},
  pages        = {1010--1014},
  year         = {2018},
  month        = {Apr},
  url          = {https://ieeexplore.ieee.org/abstract/document/8461927},
  organization = {IEEE}
}


@article{Oduncu2004,
  author   = {Oduncu, Hakan and Hoppe, Andreas and Clark, Michael and Williams, Robert J and Harding, Keith G},
  doi      = {10.1177/1534734604268842},
  journal  = {{The International Journal of Lower Extremity Wounds}},
  keywords = {color image processing,image segmentation},
  month    = {Sep},
  volume   = {3},
  number   = {3},
  pages    = {151--156},
  title    = {{Analysis of Skin Wound Images Using Digital Color Image Processing: A Preliminary Communication}},
  url      = {https://doi.org/10.1177/1534734604268842},
  year     = {2004}
}


@article{Otsu1979,
  author       = {Otsu, Nobuyuki},
  doi          = {10.1109/TSMC.1979.4310076},
  isbn         = {0018-9472},
  volume       = {9},
  number       = {1},
  pages        = {62--69},
  journal      = {{Transactions on Systems, Man, and Cybernetics}},
  title        = {{A Threshold Selection Method from Gray-Level Histograms}},
  url          = {https://doi.org/10.1109/TSMC.1979.4310076},
  year         = {1979},
  organization = {IEEE}
}


@inproceedings{Pereira2011,
  author    = {Pereira, Silvio Moreto and Frade, Marco Andrey Cipriani and Rangayyan, Rangaraj Mandayam and {de Azevedo Marques}, Paulo Mazzoncini},
  booktitle = {{International Symposium on Applied Sciences in Biomedical and Communication Technologies}},
  doi       = {10.1145/2093698.2093766},
  isbn      = {9781450309134},
  keywords  = {color image processing,color texture,dermatological,machine learning,pattern recognition,tissue composition,ulcers},
  pages     = {1--6},
  publisher = {ACM Press},
  title     = {{Classification of dermatological ulcers based on tissue composition and color texture features}},
  url       = {http://dl.acm.org/citation.cfm?doid=2093698.2093766},
  year      = {2011}
}


@article{Pereyra2014,
  author  = {Pereyra, Lucas C and Pereira, S{\'{i}}lvio M and Souza, Juliana P and Frade, Marco A C and Rangayyan, Rangaraj M and Azevedo-Marques, Paulo M},
  journal = {{Computer Science Journal of Moldova}},
  number  = {2},
  pages   = {211--235},
  title   = {{Characterization and pattern recognition of color images of dermatological ulcers: a pilot study}},
  volume  = {22},
  url     = {https://pdfs.semanticscholar.org/782a/59a4acfcc0fdede7bf27e3f7f9e0139f61e1.pdf},
  year    = {2014}
}


@article{Powers2011,
  title     = {Evaluation: from precision, recall and F-measure to ROC, informedness, markedness and correlation},
  author    = {Powers, David M. W.},
  journal   = {Journal of Machine Learning Technologies},
  volume    = {2},
  number    = {1},
  pages     = {37--63},
  year      = {2011},
  url       = {http://hdl.handle.net/2328/27165},
  publisher = {Bioinfo Publications}
}


@inproceedings{Provost1998,
  title     = {The case against accuracy estimation for comparing induction algorithms.},
  author    = {Provost, Foster J and Fawcett, Tom and Kohavi, Ron and others},
  booktitle = {{International Conference on Machine Learning}},
  volume    = {98},
  pages     = {445--453},
  url       = {https://pdfs.semanticscholar.org/7770/3a2783f64dfceb638aa9eebd9c9c501bb835.pdf},
  year      = {1998}
}


@article{Ramelet2001,
  author  = {Ramelet, Albert Adrien},
  doi     = {https://doi.org/10.1177/0003319701052001S07},
  isbn    = {0003-3197 (Print)$\backslash$n0003-3197 (Linking)},
  journal = {Angiology},
  month   = {aug},
  volume  = {52},
  number  = {1},
  pages   = {49--56},
  title   = {{Clinical Benefits of Daflon 500 mg in the Most Severe Stages of Chronic Venous Insufficiency}},
  url     = {https://doi.org/10.1177/0003319701052001S07},
  year    = {2001}
}


@inproceedings{Riedmiller2005,
  title        = {Neural fitted Q iteration--first experiences with a data efficient neural reinforcement learning method},
  author       = {Riedmiller, Martin},
  booktitle    = {{European Conference on Machine Learning}},
  pages        = {317--328},
  doi          = {https://doi.org/10.1007/11564096_32},
  url          = {https://link.springer.com/chapter/10.1007/11564096_32},
  year         = {2005},
  organization = {Springer}
}


@article{Rosenblatt1958,
  title     = {The perceptron: a probabilistic model for information storage and organization in the brain.},
  author    = {Rosenblatt, Frank},
  journal   = {{Psychological Review}},
  volume    = {65},
  number    = {6},
  pages     = {386--408},
  year      = {1958},
  url       = {http://dx.doi.org/10.1037/h0042519},
  publisher = {American Psychological Association}
}


@book{Russell2016,
  title     = {Artificial intelligence: a modern approach},
  author    = {Russell, Stuart J and Norvig, Peter},
  year      = {2016},
  url       = {http://thuvienso.thanglong.edu.vn/handle/DHTL_123456789/4010},
  publisher = {Pearson Education Limited}
}


@article{Semaan2012,
  title   = {Proposta de um m{\'e}todo de classifica{\c{c}}{\~a}o baseado em densidade para a determina{\c{c}}{\~a}o do n{\'u}mero ideal de grupos em problemas de clusteriza{\c{c}}{\~a}o},
  author  = {Semaan, Gustavo Silva and Cruz, Marcelo Dib and Brito, Jos{\'e} Andr{\'e} de Moura and Ochi, Luiz Satoru},
  journal = {Journal of the Brazilian Computational Intelligence Society},
  volume  = {10},
  number  = {4},
  pages   = {242--262},
  year    = {2012}
}


@inproceedings{Sheng2005,
  author    = {Li-Sheng, Jin  and Lei, Jin and Rong-ben, Wang  and Lie, Guo  and Jiang-wei, Chu },
  booktitle = {{Proceedings of Intelligent Vehicles Symposium}},
  doi       = {10.1109/IVS.2005.1505209},
  isbn      = {0-7803-8961-1},
  pages     = {840--844},
  publisher = {IEEE},
  title     = {{An improved Otsu image segmentation algorithm for path mark detection under variable illumination}},
  url       = {http://ieeexplore.ieee.ordddd        g/document/1505209/},
  year      = {2005}
}


@inproceedings{Silva2019,
  author    = {Silva, Wellington de Souza and
    Jasbkick, Daniel .L, Erthal, Rodrigo and
    Azevedo-Marques, Paulo Mazzoncini and
    Traina, Agma Juci Machado and
    Santos, Lucio Fernandes Dutra and 
    Santos, Ana E.J. and
    Oliveira, Daniel and
    Bedo, Marcos Vinicius Naves},
  booktitle = {{International Symposium on Computer-Based Medical Systems}},
  keywords  = {Computer-Aided Diagnosis,Dermatological Ulcers,Feature Selection,Image Classification},
  month     = {jun},
  pages     = {1--6},
  volume    = {1},
  publisher = {IEEE},
  doi       = {10.1109/CBMS.2019.00076},
  url       = {https://ieeexplore.ieee.org/abstract/document/8787493},
  title     = {{A Two-Phase Learning Approach for the Segmentation of Dermatological Wound}},
  year      = {2019}
}

%Parei aqui
@article{Sim2005,
  author   = {Sim, Julius and Wright, Chris C},
  doi      = {10.1093/ptj/85.3.257},
  url      = {http://dx.doi.org/10.1093/ptj/85.3.257},
  journal  = {Physical Therapy},
  keywords = {chris c wright,julius sim,kappa,measurement,reliability,sample size},
  month    = {Mar},
  pages    = {257--268},
  volume   = {85},
  number   = {3},
  title    = {{The Kappa Statistic in Reliability Studies: Use, Interpretation, and Sample Size Requirements}},
  year     = {2005}
}


@book{Sonka1993,
  author    = {Sonka, Milan and Hlavac, Vaclav and Boyle, Roger},
  doi       = {10.1007/978-1-4899-3216-7},
  edition   = {1},
  isbn      = {978-0-412-45570-4},
  publisher = {Springer US},
  title     = {{Image Processing, Analysis and Machine Vision}},
  url       = {http://link.springer.com/10.1007/978-1-4899-3216-7},
  year      = {1993}
}


@book{Soutor2013,
  title     = {{Clinical Dermatology}},
  author    = {Soutor, Carol and Hordinsky, Maria},
  isbn      = {0071769153/9780071769150},
  year      = {2013},
  booktitle = {1nd edition},
  publisher = {McGraw Hill Education Medical}
}


@inproceedings{Sukhan1988,
  title        = {Multilayer feedforward potential function network},
  author       = {Sukhan, Lee and others},
  booktitle    = {{IEEE International Conference on Neural Networks}},
  pages        = {161--171},
  year         = {1988},
  organization = {IEEE}
}


@book{Sullivan2017,
  title     = {{Machine Learning For Beginners Guide Algorithms, Supervised and Unsupervised Learning. Decision Tree \& Random Forest Introduction}},
  author    = {Sullivan, William},
  isbn      = {978-1-97563-232-8},
  year      = {2017},
  publisher = {PublishDrive}
}


@article{Sun1994,
  author   = {Sun, Tong and Neuvo, Yrj{\"{o}}},
  doi      = {10.1016/0167-8655(94)90082-5},
  journal  = {{Pattern Recognition Letters}},
  keywords = {Impulse noises,Median filtering,Switching scheme,Weighted median filtering},
  month    = {apr},
  number   = {4},
  pages    = {341--347},
  title    = {{Detail-preserving median based filters in image processing}},
  volume   = {15},
  url      = {http://linkinghub.elsevier.com/retrieve/pii/0167865594900825},
  year     = {1994}
}


@article{Suratgar2005,
  title   = {Modified Levenberg-Marquardt method for neural networks training},
  author  = {Suratgar, Amir Abolfazl and Tavakoli, Mohammad Bagher and Hoseinabadi, Abbas},
  journal = {{World Academy of Science, Engineering and Technology}},
  volume  = {6},
  number  = {1},
  pages   = {46--48},
  year    = {2005}
}


@book{Tan2007,
  title     = {Introduction to data mining},
  author    = {Tan, Pang-Ning and others},
  year      = {2007},
  publisher = {Pearson Education India}
}


@article{Townsend1971,
  title     = {Theoretical analysis of an alphabetic confusion matrix},
  author    = {Townsend, James T},
  journal   = {{Perception \& Psychophysics}},
  volume    = {9},
  number    = {1},
  pages     = {40--50},
  year      = {1971},
  publisher = {Springer}
}


@inproceedings{Vedaldi2008,
  title        = {Quick shift and kernel methods for mode seeking},
  author       = {Vedaldi, Andrea and Soatto, Stefano},
  booktitle    = {{European Conference on Computer Vision}},
  pages        = {705--718},
  year         = {2008},
  organization = {Springer}
}


@inproceedings{Veksler2010,
  title        = {Superpixels and supervoxels in an energy optimization framework},
  author       = {Veksler, Olga and Boykov, Yuri and Mehrani, Paria},
  booktitle    = {European conference on Computer vision},
  pages        = {211--224},
  year         = {2010},
  doi          = {10.1007/978-3-642-15555-0_16},
  isbn         = {3642155545},
  organization = {Springer}
}


@article{Vincent1991,
  title     = {Watersheds in digital spaces: an efficient algorithm based on immersion simulations},
  author    = {Vincent, Luc and Soille, Pierre},
  journal   = {{IEEE Transactions on Pattern Analysis \& Machine Intelligence}},
  number    = {6},
  pages     = {583--598},
  year      = {1991},
  publisher = {IEEE}
}


@book{Wang2005,
  title     = {Support vector machines: theory and applications},
  author    = {Wang, Lipo},
  year      = {2005},
  isbn      = {978-3-540-32384-6},
  url       = {https://www.springer.com/gp/book/9783540243885},
  publisher = {{Springer Science \& Business Media}}
}


@article{Yu2011,
  title     = {Levenberg-marquardt training},
  author    = {Yu, Hao and Wilamowski, Bogdan M},
  journal   = {{Industrial Electronics Handbook}},
  volume    = {5},
  number    = {12},
  pages     = {1--16},
  url       = {http://www.eng.auburn.edu/~wilambm/pap/2011/K10149_C012.pdf},
  year      = {2011},
  publisher = {CRC Press Boca Raton, FL}
}


@inproceedings{zhang1996,
  title        = {A spatial extension of CIELAB for digital color image reproduction},
  author       = {Zhang, Xuemei and Wandell, Brian A and others},
  booktitle    = {{International symposium digest of technical papers}},
  volume       = {27},
  pages        = {731--734},
  year         = {1996},
  url          = {http://citeseerx.ist.psu.edu/viewdoc/download?doi=10.1.1.65.3462&rep=rep1&type=pdf},
  organization = {Society for Information Display}
}


@article{Zhang1998,
  title     = {Forecasting with artificial neural networks:: The state of the art},
  author    = {Zhang, Guoqiang and Patuwo, B Eddy and Hu, Michael Y},
  journal   = {{International Journal of Forecasting}},
  volume    = {14},
  number    = {1},
  pages     = {35--62},
  year      = {1998},
  url       = {https://doi.org/10.1016/S0169-2070(97)00044-7},
  publisher = {Elsevier}
}


% ----- ---------------------------%

@inproceedings{Zhang2011,
  author    = {Zhang, Gui-mei and Chen, Shao-ping and Liao, Jia-ni},
  booktitle = {{International Conference on Computer Research and Development}},
  doi       = {10.1109/ICCRD.2011.5764020},
  isbn      = {978-1-61284-839-6},
  keywords  = {Defect Extraction,Morphology,Otsu Algorithm,Wavelet Transform},
  month     = {mar},
  pages     = {279--283},
  publisher = {IEEE},
  title     = {{Otsu image segmentation algorithm based on morphology and wavelet transformation}},
  url       = {http://ieeexplore.ieee.org/document/5764020/},
  year      = {2011}
}


@inproceedings{Zhu2009,
  author    = {Zhu, Ningbo and Wang, Gang and Yang, Gaobo and Dai, Weiming},
  booktitle = {{Chinese Conference on Pattern Recognition}},
  doi       = {10.1109/CCPR.2009.5344078},
  isbn      = {978-1-4244-4199-0},
  keywords  = {Image segmentation,Otsu,Thresholding,Two-dimensional histogram},
  month     = {nov},
  pages     = {1--5},
  publisher = {IEEE},
  title     = {{A Fast 2D Otsu Thresholding Algorithm Based on Improved Histogram}},
  url       = {http://ieeexplore.ieee.org/document/5344078/},
  year      = {2009}
}